@article{tiede,
author = {Tiedeman, D. V.},
title = {On the study of types},
journal = {U.S.A.F. School of Aviation Medicine},
year = 1955
}


@Article{demp,
  author =	 {Dempster, A. P. and Laird, N. M. and Rubin,  D. B.},
  title =	 {Maximum Likelihood from Incomplete Data Via the
                  {EM}-Algorithm},
  journal =	 {Journal of the Royal Statistical Society B},
  volume =	 39,
  pages =	 {1--38},
  year =	 1977
}

@Article{wolfe65,
Title = {A Computer Program for the Maximum Likelihood Analysis of Types.},
Year = {1965},
journal = {Technical Bulletin},
pages = {15-65},
author = {Wolfe, J.H.}
}

@book{mixdist, 
title = {Mixture Model-Based Classification},
author = {Paul D. McNicholas},
year = {2015} ,
publisher = {Chapman and Hall}
}


@misc{telePatent, 
title = {Means for operating electrical machines synchronously},
 author={Michalke, Carl J.A. },
  url={https://patents.google.com/patent/US684579A},
  year={1901},
  month=October # "~10",
  publisher={Siemens and Halske Electric Co of America},
  note={US684579A}
}


@Article{mario2017,
author="W{\"u}thrich, Mario V.",
title="Covariate selection from telematics car driving data",
journal="European Actuarial Journal",
year="2017",
month="Jul",
day="01",
volume="7",
number="1",
pages="89--108",
issn="2190-9741",
doi="10.1007/s13385-017-0149-z",
url="https://doi.org/10.1007/s13385-017-0149-z"
}




@article{symGar,
title = "Likelihood ratio test for univariate Gaussian mixture",
journal = "Journal of Statistical Planning and Inference",
volume = "96",
number = "2",
pages = "325 - 350",
year = "2001",
issn = "0378-3758",
doi = "https://doi.org/10.1016/S0378-3758(00)00216-0",
url = "http://www.sciencedirect.com/science/article/pii/S0378375800002160",
author = "Bernard Garel",
}



